%Introduction
@article{Korner:1992wi,
    author = "Korner, J. G. and Kramer, M.",
    title = "{Exclusive nonleptonic charm baryon decays}",
    reportNumber = "DESY-92-049, MZ-TH-91-07",
    doi = "10.1007/BF01561305",
    journal = "Z. Phys. C",
    volume = "55",
    pages = "659--670",
    year = "1992"
}

@article{Ivanov:1997ra,
    author = "Ivanov, Mikhail A. and Korner, J. G. and Lyubovitskij, Valery E. and Rusetsky, A. G.",
    title = "{Exclusive nonleptonic decays of bottom and charm baryons in a relativistic three quark model: Evaluation of nonfactorizing diagrams}",
    eprint = "hep-ph/9709372",
    archivePrefix = "arXiv",
    reportNumber = "MZ-TH-97-15",
    doi = "10.1103/PhysRevD.57.5632",
    journal = "Phys. Rev. D",
    volume = "57",
    pages = "5632--5652",
    year = "1998"
}

@article{Cheng:1991sn,
    author = "Cheng, Hai-Yang and Tseng, B.",
    title = "{Nonleptonic weak decays of charmed baryons}",
    reportNumber = "IP-ASTP-17-91",
    doi = "10.1103/PhysRevD.46.1042",
    journal = "Phys. Rev. D",
    volume = "46",
    pages = "1042",
    year = "1992",
    note = "[Erratum: Phys.Rev.D 55, 1697 (1997)]"
}

@article{Xu:1992vc,
    author = "Xu, Q. P. and Kamal, A. N.",
    title = "{Cabibbo favored nonleptonic decays of charmed baryons}",
    reportNumber = "ALBERTA-THY-8-92",
    doi = "10.1103/PhysRevD.46.270",
    journal = "Phys. Rev. D",
    volume = "46",
    pages = "270--278",
    year = "1992"
}

@article{Cheng:1993gf,
    author = "Cheng, Hai-Yang and Tseng, B.",
    title = "{Cabibbo allowed nonleptonic weak decays of charmed baryons}",
    eprint = "hep-ph/9304286",
    archivePrefix = "arXiv",
    reportNumber = "IP-ASTP-10-93, ITP-SB-93-20",
    doi = "10.1103/PhysRevD.48.4188",
    journal = "Phys. Rev. D",
    volume = "48",
    pages = "4188--4202",
    year = "1993"
}

@article{Xu:1992sw,
    author = "Xu, Q. P. and Kamal, A. N.",
    title = "{The Nonleptonic charmed baryon decays: B(c) ---\ensuremath{>} B (3/2+, decuplet) + P(0-) or V(1-)}",
    reportNumber = "ALBERTA-THY-20-92",
    doi = "10.1103/PhysRevD.46.3836",
    journal = "Phys. Rev. D",
    volume = "46",
    pages = "3836--3844",
    year = "1992"
}

@article{Zenczykowski:1993jm,
    author = "Zenczykowski, Piotr",
    title = "{Nonleptonic charmed baryon decays: Symmetry properties of parity violating amplitudes}",
    reportNumber = "INP-1655-PH",
    doi = "10.1103/PhysRevD.50.5787",
    journal = "Phys. Rev. D",
    volume = "50",
    pages = "5787--5792",
    year = "1994"
}

@article{Sharma:1998rd,
    author = "Sharma, K. K. and Verma, R. C.",
    title = "{A Study of weak mesonic decays of Lambda(c) and Xi(c) baryons on the basis of HQET results}",
    eprint = "hep-ph/9803302",
    archivePrefix = "arXiv",
    doi = "10.1007/s100529801008",
    journal = "Eur. Phys. J. C",
    volume = "7",
    pages = "217--224",
    year = "1999"
}

@article{Korner:1978ec,
    author = {K\"orner, J. G. and Kramer, G. and Willrodt, J.},
    title = "{Weak Decays of the Charmed Baryon C$_0^+$ and the Inclusive Yield of $\Lambda$ and $p$}",
    reportNumber = "DESY-78-13",
    doi = "10.1016/0370-2693(78)90495-1",
    journal = "Phys. Lett. B",
    volume = "78",
    pages = "492",
    year = "1978",
    note = "[Erratum: Phys.Lett.B 81, 419--419 (1979)]"
}

@article{Uppal:1994pt,
    author = "Uppal, T. and Verma, R. C. and Khanna, M. P.",
    title = "{Constituent quark model analysis of weak mesonic decays of charm baryons}",
    doi = "10.1103/PhysRevD.49.3417",
    journal = "Phys. Rev. D",
    volume = "49",
    pages = "3417--3425",
    year = "1994"
}

%BESIII polarization studies
% J/psi -> \Lambda\bar{\Lambda}
@article{BESIII:2018cnd,
    author = "Ablikim, M. and others",
    collaboration = "BESIII",
    title = "{Polarization and Entanglement in Baryon-Antibaryon Pair Production in Electron-Positron Annihilation}",
    eprint = "1808.08917",
    archivePrefix = "arXiv",
    primaryClass = "hep-ex",
    doi = "10.1038/s41567-019-0494-8",
    journal = "Nature Phys.",
    volume = "15",
    pages = "631--634",
    year = "2019"
}
@article{BESIII:2022qax,
    author = "Ablikim, M. and others",
    collaboration = "BESIII",
    title = "{Precise Measurements of Decay Parameters and $CP$ Asymmetry with Entangled $\Lambda-\bar{\Lambda}$ Pairs Pairs}",
    eprint = "2204.11058",
    archivePrefix = "arXiv",
    primaryClass = "hep-ex",
    doi = "10.1103/PhysRevLett.129.131801",
    journal = "Phys. Rev. Lett.",
    volume = "129",
    number = "13",
    pages = "131801",
    year = "2022"
}
%e+e- -> \Lambda\bar{\Lambda}
@article{BESIII:2019nep,
    author = "Ablikim, M. and others",
    collaboration = "BESIII",
    title = "{Complete Measurement of the $\Lambda$ Electromagnetic Form Factors}",
    eprint = "1903.09421",
    archivePrefix = "arXiv",
    primaryClass = "hep-ex",
    doi = "10.1103/PhysRevLett.123.122003",
    journal = "Phys. Rev. Lett.",
    volume = "123",
    number = "12",
    pages = "122003",
    year = "2019"
}
%J/psi, psi(3686) -> Sigma+Sigma-
@article{BESIII:2020fqg,
    author = "Ablikim, Medina and others",
    collaboration = "BESIII",
    title = "{$\Sigma^{+}$ and $\bar{\Sigma}^-$ polarization in the $J/\psi$ and $\psi(3686)$ decays}",
    eprint = "2004.07701",
    archivePrefix = "arXiv",
    primaryClass = "hep-ex",
    doi = "10.1103/PhysRevLett.125.052004",
    journal = "Phys. Rev. Lett.",
    volume = "125",
    number = "5",
    pages = "052004",
    year = "2020"
}

% psi(3686) -> Xi-anti-Xi+
@article{BESIII:2022lsz,
    author = "Ablikim, Medina and others",
    collaboration = "BESIII",
    title = "{Observation of \ensuremath{\Xi}- hyperon transverse polarization in \ensuremath{\psi}(3686)\textrightarrow{}\ensuremath{\Xi}-\ensuremath{\Xi}\textasciimacron{}+}",
    eprint = "2206.10900",
    archivePrefix = "arXiv",
    primaryClass = "hep-ex",
    doi = "10.1103/PhysRevD.106.L091101",
    journal = "Phys. Rev. D",
    volume = "106",
    number = "9",
    pages = "L091101",
    year = "2022"
}

%psi(3686) -> Xi0 anti-Xi0
@article{BESIII:2023lkg,
    author = "Ablikim, M. and others",
    collaboration = "BESIII",
    title = "{First simultaneous measurement of \ensuremath{\Xi}0 and \ensuremath{\Xi}\textasciimacron{}0 asymmetry parameters in \ensuremath{\psi}(3686) decay}",
    eprint = "2302.09767",
    archivePrefix = "arXiv",
    primaryClass = "hep-ex",
    doi = "10.1103/PhysRevD.108.L011101",
    journal = "Phys. Rev. D",
    volume = "108",
    number = "1",
    pages = "L011101",
    year = "2023"
}

% J/psi -> Xi- anti-Xi+
@article{BESIII:2021ypr,
    author = "Ablikim, Medina and others",
    collaboration = "BESIII",
    title = "{Probing CP symmetry and weak phases with entangled double-strange baryons}",
    eprint = "2105.11155",
    archivePrefix = "arXiv",
    primaryClass = "hep-ex",
    doi = "10.1038/s41586-022-04624-1",
    journal = "Nature",
    volume = "606",
    number = "7912",
    pages = "64--69",
    year = "2022"
}
%General

@article{LHCb:2022ouv,
    author = "Aaij, R. and others",
    collaboration = "LHCb",
    title = "{Amplitude analysis of the $\Lambda^+_c\to pK^-\pi^+$ decay and $\Lambda^+_c$ baryon polarization measurement in semileptonic beauty hadron decays}",
    journal = {Phys. Rev. D},
    volume = {108},
    issue = {1},
    pages = {012023},
    numpages = {27},
    year = {2023},
    month = {Jul},
    publisher = {American Physical Society},
    doi = {10.1103/PhysRevD.108.012023},
    url = {https://link.aps.org/doi/10.1103/PhysRevD.108.012023}
}

% Lambda_c+ -> Lambda pi+ pi0
@article{BESIII:2022udq,
    author = "Ablikim, Medina and others",
    collaboration = "BESIII",
    title = "{Partial wave analysis of the charmed baryon hadronic decay $ {\Lambda}_c^{+} $\textrightarrow{} \ensuremath{\Lambda}\ensuremath{\pi}$^{+}$\ensuremath{\pi}$^{0}$}",
    eprint = "2209.08464",
    archivePrefix = "arXiv",
    primaryClass = "hep-ex",
    doi = "10.1007/JHEP12(2022)033",
    journal = "JHEP",
    volume = "12",
    pages = "033",
    year = "2022"
}

%Detector section
@article{Yang:2014pfa,
    author = "Yang, R. X. and others",
    title = "{MRPC detector for the BESIII E-TOF upgrade}",
    doi = "10.1088/1748-0221/9/09/C09032",
    journal = "JINST",
    volume = "9",
    number = "09",
    pages = "C09032",
    year = "2014"
}

@article{BESIII:2009fln,
    author = "Ablikim, M. and others",
    collaboration = "BESIII",
    title = "{Design and Construction of the BESIII Detector}",
    eprint = "0911.4960",
    archivePrefix = "arXiv",
    primaryClass = "physics.ins-det",
    doi = "10.1016/j.nima.2009.12.050",
    journal = "Nucl. Instrum. Meth. A",
    volume = "614",
    pages = "345--399",
    year = "2010"
}

%Samples
@article{BESIII:2015qfd,
    author = "Ablikim, M. and others",
    collaboration = "BESIII",
    title = "{Precision measurement of the integrated luminosity of the data taken by BESIII at center of mass energies between 3.810 GeV and 4.600 GeV}",
    eprint = "1503.03408",
    archivePrefix = "arXiv",
    primaryClass = "hep-ex",
    doi = "10.1088/1674-1137/39/9/093001",
    journal = "Chin. Phys. C",
    volume = "39",
    number = "9",
    pages = "093001",
    year = "2015"
}

@article{BESIII:2015zbz,
    author = "Ablikim, M. and others",
    collaboration = "BESIII",
    title = "{Measurement of the center-of-mass energies at BESIII via the di-muon process}",
    eprint = "1510.08654",
    archivePrefix = "arXiv",
    primaryClass = "hep-ex",
    reportNumber = "40, 063001(2016)",
    doi = "10.1088/1674-1137/40/6/063001",
    journal = "Chin. Phys. C",
    volume = "40",
    number = "6",
    pages = "063001",
    year = "2016"
}

@article{BESIII:2022dxl,
    author = "Ablikim, M. and others",
    collaboration = "BESIII",
    title = "{Measurement of integrated luminosities at BESIII for data samples at center-of-mass energies between 4.0 and 4.6 GeV}",
    eprint = "2203.03133",
    archivePrefix = "arXiv",
    primaryClass = "hep-ex",
    doi = "10.1088/1674-1137/ac80b4",
    journal = "Chin. Phys. C",
    volume = "46",
    number = "11",
    pages = "113002",
    year = "2022"
}

@article{BESIII:2022ulv,
    author = "Ablikim, M. and others",
    collaboration = "BESIII",
    title = "{Luminosities and energies of e $^{+}$ e $^{−}$ collision data taken between =4.61 GeV and 4.95 GeV at BESIII*}",
    eprint = "2205.04809",
    archivePrefix = "arXiv",
    primaryClass = "hep-ex",
    doi = "10.1088/1674-1137/ac84cc",
    journal = "Chin. Phys. C",
    volume = "46",
    number = "11",
    pages = "113003",
    year = "2022"
}

@article{GEANT4:2002zbu,
    author = "Agostinelli, S. and others",
    collaboration = "GEANT4",
    title = "{GEANT4--a simulation toolkit}",
    reportNumber = "SLAC-PUB-9350, FERMILAB-PUB-03-339, CERN-IT-2002-003",
    doi = "10.1016/S0168-9002(03)01368-8",
    journal = "Nucl. Instrum. Meth. A",
    volume = "506",
    pages = "250--303",
    year = "2003"
}

@article{Liang:2009zzb,
    author = "Liang, Yu-Tie and others",
    title = "{A uniform geometry description for simulation, reconstruction and visualization in the BESIII experiment}",
    doi = "10.1016/j.nima.2009.02.036",
    journal = "Nucl. Instrum. Meth. A",
    volume = "603",
    pages = "325--327",
    year = "2009"
}
@article{Huang:2022wuo,
    author = "Huang, Kai-Xuan and Li, Zhi-Jun and Qian, Zhen and Zhu, Jiang and Li, Hao-Yuan and Zhang, Yu-Mei and Sun, Sheng-Sen and You, Zheng-Yun",
    title = "{Method for detector description transformation to Unity and application in BESIII}",
    eprint = "2206.10117",
    archivePrefix = "arXiv",
    primaryClass = "physics.ins-det",
    doi = "10.1007/s41365-022-01133-8",
    journal = "Nucl. Sci. Tech.",
    volume = "33",
    number = "11",
    pages = "142",
    year = "2022"
}

@article{Jadach:2000ir,
    author = "Jadach, S. and Ward, B. F. L. and Was, Z.",
    title = "{Coherent exclusive exponentiation for precision Monte Carlo calculations}",
    eprint = "hep-ph/0006359",
    archivePrefix = "arXiv",
    reportNumber = "CERN-TH-2000-087, UTHEP-99-09-01",
    doi = "10.1103/PhysRevD.63.113009",
    journal = "Phys. Rev. D",
    volume = "63",
    pages = "113009",
    year = "2001"
}

@article{Richter-Was:1992hxq,
    author = "Richter-Was, E.",
    title = "{QED bremsstrahlung in semileptonic B and leptonic tau decays}",
    reportNumber = "CERN-TH-6746-92",
    doi = "10.1016/0370-2693(93)90062-M",
    journal = "Phys. Lett. B",
    volume = "303",
    pages = "163--169",
    year = "1993"
}

@article{Lange:2001uf,
    author = "Lange, D. J.",
    editor = "Erhan, S. and Schlein, P. and Rozen, Y.",
    title = "{The EvtGen particle decay simulation package}",
    doi = "10.1016/S0168-9002(01)00089-4",
    journal = "Nucl. Instrum. Meth. A",
    volume = "462",
    pages = "152--155",
    year = "2001"
}

@article{Ping:2008zz,
    author = "Ping, Rong-Gang",
    title = "{Event generators at BESIII}",
    doi = "10.1088/1674-1137/32/8/001",
    journal = "Chin. Phys. C",
    volume = "32",
    pages = "599",
    year = "2008"
}

@article{Workman:2022ynf,
    author = "Workman, R. L. and others",
    collaboration = "Particle Data Group",
    title = "{Review of Particle Physics}",
    doi = "10.1093/ptep/ptac097",
    journal = "PTEP",
    volume = "2022",
    pages = "083C01",
    year = "2022"
}

@article{Chen:2000tv,
    author = "Chen, J. C. and Huang, G. S. and Qi, X. R. and Zhang, D. H. and Zhu, Y. S.",
    title = "{Event generator for J / psi and psi (2S) decay}",
    doi = "10.1103/PhysRevD.62.034003",
    journal = "Phys. Rev. D",
    volume = "62",
    pages = "034003",
    year = "2000"
}

@article{Yang:2014vra,
    author = "Yang, Rui-Ling and Ping, Rong-Gang and Chen, Hong",
    title = "{Tuning and Validation of the Lundcharm Model with $J/\psi$ Decays}",
    doi = "10.1088/0256-307X/31/6/061301",
    journal = "Chin. Phys. Lett.",
    volume = "31",
    pages = "061301",
    year = "2014"
}

@article{Wang:memo,
    author = "Wang, Wei-Ping",
    title = "{Pair prodction of Lamdbac above 4.6 GeV}",
    doi = "https://docbes3.ihep.ac.cn/cgi-bin/DocDB/ShowDocument?docid=904",
    journal = "BESIII memo"
}

% Model
@article{E791:2002xlc,
    author = "Aitala, E. M. and others",
    collaboration = "E791",
    title = "{Dalitz Plot Analysis of the Decay $D^+ \to K^- \pi^+ \pi^+$ and the Study of the $K\pi$ Scalar Amplitudes}",
    eprint = "hep-ex/0204018",
    archivePrefix = "arXiv",
    reportNumber = "FERMILAB-PUB-01-254-E",
    doi = "10.1103/PhysRevLett.89.121801",
    journal = "Phys. Rev. Lett.",
    volume = "89",
    pages = "121801",
    year = "2002"
}

% ST selections
@article{BESIII:2022xne,
    author = "Ablikim, Medina and others",
    collaboration = "BESIII",
    title = "{Observations of the Cabibbo-Suppressed decays $\Lambda_{c}^{+}\to n\pi^{+}\pi^{0}$, $n\pi^{+}\pi^{-}\pi^{+}$ and the Cabibbo-Favored decay $\Lambda_{c}^{+}\to nK^{-}\pi^{+}\pi^{+}$}",
    eprint = "2210.03375",
    archivePrefix = "arXiv",
    primaryClass = "hep-ex",
    doi = "10.1088/1674-1137/ac9d29",
    journal = "Chin. Phys. C",
    volume = "47",
    number = "2",
    pages = "023001",
    year = "2023"
}

% kernel-estimated method
@article{Cranmer:2000du,
    author = "Cranmer, Kyle S.",
    title = "{Kernel estimation in high-energy physics}",
    eprint = "hep-ex/0011057",
    archivePrefix = "arXiv",
    doi = "10.1016/S0010-4655(00)00243-5",
    journal = "Comput. Phys. Commun.",
    volume = "136",
    pages = "198--207",
    year = "2001"
}

% ARGUS
@article{Djouadi:1989hh,
    author = "Djouadi, A. and Renard, F. M. and Verzegnassi, C.",
    title = "{A Determination of $\alpha$ (Strong) With Transversally Polarized Beams at {LEP}-1}",
    reportNumber = "LAPP-TH-278/89, CERN-TH-5602/89",
    doi = "10.1016/0370-2693(90)91290-R",
    journal = "Phys. Lett. B",
    volume = "241",
    pages = "260--266",
    year = "1990"
}

% Isobar model
@article{Walker:1968xu,
    author = "Walker, R. L.",
    title = "{Phenomenological analysis of single pion photoproduction}",
    doi = "10.1103/PhysRev.182.1729",
    journal = "Phys. Rev.",
    volume = "182",
    pages = "1729--1748",
    year = "1969"
}

% Helicity formalism
@book{Chung:186421,
      author        = "Suh Urk Chung",
      title         = "{Spin formalisms}",
      publisher     = "CERN",
      address       = "Geneva",
      series        = "CERN Academic Training Lecture",
      year          = "1971",
      url           = "http://cds.cern.ch/record/186421",
      note          = "CERN, Geneva, 1969 - 1970",
      doi           = "10.5170/CERN-1971-008",
}
@techreport{Richman:153636,
      author        = "Richman, J D",
      title         = "{An experimenter's guide to the helicity formalism}",
      institution   = "Calif. Inst. Technol.",
      reportNumber  = "CALT-68-1148",
      address       = "Pasadena, CA",
      year          = "1984",
      url           = "https://cds.cern.ch/record/153636",
}

%LS coupling 1
@article{PhysRevD.56.4419,
  title = {Erratum: Helicity-coupling amplitudes in tensor formalism [Phys. Rev. D 48, 1225 (1993)]},
  author = {Chung, S. U.},
  journal = {Phys. Rev. D},
  volume = {56},
  issue = {7},
  pages = {4419--4419},
  numpages = {0},
  year = {1997},
  month = {Oct},
  publisher = {American Physical Society},
  doi = {10.1103/PhysRevD.56.4419},
  url = {https://link.aps.org/doi/10.1103/PhysRevD.56.4419}
}

%LS coupling 2
@article{PhysRevD.57.431,
  title = {General formulation of covariant helicity-coupling amplitudes},
  author = {Chung, S. U.},
  journal = {Phys. Rev. D},
  volume = {57},
  issue = {1},
  pages = {431--442},
  numpages = {0},
  year = {1998},
  month = {Jan},
  publisher = {American Physical Society},
  doi = {10.1103/PhysRevD.57.431},
  url = {https://link.aps.org/doi/10.1103/PhysRevD.57.431}
}

$barrier factor 
@book{Blatt:1952ije,
    author = "Blatt, John Markus and Weisskopf, Victor Frederick",
    title = "{Theoretical nuclear physics}",
    doi = "10.1007/978-1-4612-9959-2",
    isbn = "978-0-471-08019-0",
    publisher = "Springer",
    address = "New York",
    year = "1952"
}

% helicity angles 
@article{Wang:2020giv,
    author = "Wang, Mengzhen and Jiang, Yi and Liu, Yinrui and Qian, Wenbin and Lyu, Xiaorui and Zhang, Liming",
    title = "{A novel method to test particle ordering and final state alignment in helicity formalism}",
    eprint = "2012.03699",
    archivePrefix = "arXiv",
    primaryClass = "hep-ex",
    doi = "10.1088/1674-1137/abf139",
    journal = "Chin. Phys. C",
    volume = "45",
    number = "6",
    pages = "063103",
    year = "2021"
}

% barrier factor d 
@article{BESIII:2019dme,
    author = "Ablikim, M. and others",
    collaboration = "BESIII",
    title = "{Partial wave analysis of $\psi(3686)\to K^{+}K^{-}\eta$}",
    eprint = "1912.08566",
    archivePrefix = "arXiv",
    primaryClass = "hep-ex",
    doi = "10.1103/PhysRevD.101.032008",
    journal = "Phys. Rev. D",
    volume = "101",
    number = "3",
    pages = "032008",
    year = "2020"
}

%Bugg lineshape
@article{Bugg:2005xx,
    author = "Bugg, D. V.",
    title = "{The Kappa in E791 data for D ---\ensuremath{>} K pi pi}",
    eprint = "hep-ex/0510019",
    archivePrefix = "arXiv",
    doi = "10.1016/j.physletb.2005.11.019",
    journal = "Phys. Lett. B",
    volume = "632",
    pages = "471--474",
    year = "2006"
}

%Flatte lineshape
@article{Flatte:1976xu,
    author = "Flatte, Stanley M.",
    title = "{Coupled - Channel Analysis of the pi eta and K anti-K Systems Near K anti-K Threshold}",
    reportNumber = "CERN-EP-PHYS-76-8",
    doi = "10.1016/0370-2693(76)90654-7",
    journal = "Phys. Lett. B",
    volume = "63",
    pages = "224--227",
    year = "1976"
}

% statistics method
@article{Langenbruch_2022,
	doi = {10.1140/epjc/s10052-022-10254-8},
	url = {https://doi.org/10.1140%2Fepjc%2Fs10052-022-10254-8},  
	year = 2022,
	month = {may},
	publisher = {Springer Science and Business Media {LLC}},
	volume = {82},
	number = {5},
	author = {Christoph Langenbruch},
	title = {Parameter uncertainties in weighted unbinned maximum likelihood fits},
	journal = {The European Physical Journal C}
}

% LHCb polarimeter
@article{LHCb:2023crj,
    author = "Aaij, R. and others",
    collaboration = "LHCb",
    title = "{$\Lambda^+_\mathrm{c}$ polarimetry using the dominant hadronic mode}",
    eprint = "2301.07010",
    archivePrefix = "arXiv",
    primaryClass = "hep-ex",
    reportNumber = "LHCb-PAPER-2022-044, CERN-EP-2022-287",
    journal = "arXiv:2301.07010",
    url = {https://doi.org/10.48550/arXiv.2301.07010}
}

% BESIII lclc xs
@article{BESIII:2017kqg,
    author = "Ablikim, Medina and others",
    collaboration = "BESIII",
    title = "{Precision measurement of the $e^{+}e^{-}~\rightarrow~\Lambda_{c}^{+} \bar{\Lambda}_{c}^{-}$ cross section near threshold}",
    eprint = "1710.00150",
    archivePrefix = "arXiv",
    primaryClass = "hep-ex",
    doi = "10.1103/PhysRevLett.120.132001",
    journal = "Phys. Rev. Lett.",
    volume = "120",
    number = "13",
    pages = "132001",
    year = "2018"
}
@article{BESIII:2023rwv,
    author = "Ablikim, Medina and others",
    collaboration = "BESIII",
    title = "{Measurement of the Energy-Dependent Electromagnetic Form Factors of a Charmed Baryon}",
    eprint = "2307.07316",
    archivePrefix = "arXiv",
    primaryClass = "hep-ex",
    month = "7",
    year = "2023",
    journal = "arXiv:2307.07316",
    url = {https://doi.org/10.48550/arXiv.2307.07316}
}

% Sun Hao, Wang Hong-jian, 
@article{ESIIImemo:LcDecayAsy,
    author          = {H. Sun, H. J. Wang and others},
    journal         = {BAM-724},
    url             = {https://docbes3.ihep.ac.cn/DocDB/0012/001211/010/LcDecayAsy_memo_v0.9.pdf}
}

@article{Chen:2019hqi,
    author = "Chen, Hong and Ping, Rong-Gang",
    title = "{$\Lambda^+_c$ transverse polarization and decay asymmetry parameters}",
    doi = "10.1103/PhysRevD.99.114027",
    journal = "Phys. Rev. D",
    volume = "99",
    number = "11",
    pages = "114027",
    year = "2019"
}

@article{Lee:1957qs,
    author = "Lee, T. D. and Yang, Chen-Ning",
    title = "{General Partial Wave Analysis of the Decay of a Hyperon of Spin 1/2}",
    doi = "10.1103/PhysRev.108.1645",
    journal = "Phys. Rev.",
    volume = "108",
    pages = "1645--1647",
    year = "1957"
}

@article{Hong:2022prk,
    author = "Hong, Peng-Cheng and Yan, Fang and Ping, Rong-Gang and Luo, Tao",
    title = "{Study of parity violation in and decays*}",
    eprint = "2211.16014",
    archivePrefix = "arXiv",
    primaryClass = "hep-ph",
    doi = "10.1088/1674-1137/acb7ce",
    journal = "Chin. Phys. C",
    volume = "47",
    number = "5",
    pages = "053101",
    year = "2023"
}
@article{Hrivnac:1994jx,
    author = "Hrivnac, Julius and Lednicky, Richard and Smizanska, Maria",
    title = "{Feasibility of beauty baryon polarization measurement in $\Lambda^0 J/\psi$ decay channel by ATLAS LHC}",
    eprint = "hep-ph/9405231",
    archivePrefix = "arXiv",
    reportNumber = "PRA-HEP-94-3",
    doi = "10.1088/0954-3899/21/5/007",
    journal = "J. Phys. G",
    volume = "21",
    pages = "629--638",
    year = "1995"
}

@article{Cabibbo:1961sz,
    author = "Cabibbo, N. and Gatto, Raoul",
    title = "{Electron Positron Colliding Beam Experiments}",
    doi = "10.1103/PhysRev.124.1577",
    journal = "Phys. Rev.",
    volume = "124",
    pages = "1577--1595",
    year = "1961"
}

@article{Chen:2023oqs,
    author = "Chen, Cheng and Yan, Bing and Xie, Ju-Jun",
    title = "{Cross Sections and the Electromagnetic Form Factors within the Extended Vector Meson Dominance Model}",
    eprint = "2312.16753",
    archivePrefix = "arXiv",
    primaryClass = "hep-ph",
    doi = "10.1088/0256-307X/41/2/021302",
    journal = "Chin. Phys. Lett.",
    volume = "41",
    number = "2",
    pages = "021302",
    year = "2024"
}

@article{BESIII:2023drj,
    author = "Ablikim, Medina and others",
    collaboration = "BESIII",
    title = "{Tests of CP symmetry in entangled \ensuremath{\Xi}0-\ensuremath{\Xi}\textasciimacron{}0 pairs}",
    eprint = "2305.09218",
    archivePrefix = "arXiv",
    primaryClass = "hep-ex",
    doi = "10.1103/PhysRevD.108.L031106",
    journal = "Phys. Rev. D",
    volume = "108",
    number = "3",
    pages = "L031106",
    year = "2023"
}

@misc{trkPID1,
    title = {BESIII report: Study of tracking and PID efficiency and uncertainty from $J/\psi \to p\bar{p}\pi^+\pi^-$.},
    url = {https://indico.ihep.ac.cn/event/10989/contributions/6920/attachments/3228/3665/Study_of_tracking_and_PID_efficiency_and_uncertainty.pdf},
    author = {Chen Tong}
}

@misc{trkPID2,
    title = {BESIII report: Systematic Uncertainty of Kaon at BESIII},
    url = {https://indico.ihep.ac.cn/event/13971/contributions/27380/attachments/13373/15239/Report_20210629_lixl.pdf},
    author = {Li, Xiao-Lin},
}